<?xml version="1.0" encoding="UTF-8"?><collection xmlns="http://www.loc.gov/MARC21/slim"><record><leader>00376nam--2200133-i-4500</leader><controlfield tag="001">000039042</controlfield><controlfield tag="002">20161230</controlfield><controlfield tag="005">20161230201042</controlfield><controlfield tag="008">060222s1000------------r-----000-0-eng-d</controlfield><datafield ind1=" " ind2=" " tag="080"><subfield code="a">546.281:538.915(043)</subfield></datafield><datafield ind1=" " ind2=" " tag="100"><subfield code="a">Richter,Harald</subfield></datafield><datafield ind1=" " ind2=" " tag="245"><subfield code="a">Elektronen und phononen in mikrokristallinem silizium. these</subfield></datafield><datafield ind1=" " ind2=" " tag="260"><subfield code="a">Stuttgart, Fakultat Fur Physik, 1982. 148 P</subfield></datafield><datafield ind1=" " ind2=" " tag="852"><subfield code="a">71400</subfield></datafield></record></collection>